@article{GraphSLAM_Thrun,
    author = {Thrun, Sebastian and Montemerlo, Michael},
    year = {2006},
    month = {05},
    pages = {403-429},
    title = {The Graph SLAM Algorithm with Applications to Large-Scale Mapping of Urban Structures},
    volume = {25},
    journal = {I. J. Robotic Res.},
    doi = {10.1177/0278364906065387}
}

@article{Graph_Based_SLAM_Grisetti,
    author = {Grisetti, Giorgio and Kümmerle, Rainer and Stachniss, Cyrill and Burgard, Wolfram},
    year = {2010},
    month = {12},
    pages = {31-43},
    title = {A tutorial on graph-based SLAM},
    volume = {2},
    journal = {IEEE Transactions on Intelligent Transportation Systems Magazine},
    doi = {10.1109/MITS.2010.939925}
}

@inproceedings{Hierarchical_manifold_Grisetti,
author = {Grisetti, Giorgio and Kümmerle, Rainer and Stachniss, Cyrill and Frese, Udo and Hertzberg, Christoph},
year = {2010},
month = {05},
pages = {273-278},
title = {Hierarchical Optimization on Manifolds for Online 2D and 3D Mapping},
doi = {10.1109/ROBOT.2010.5509407}
}